% Encoding: UTF-8
@Article{Huber2016,
  author    = {Stephan Huber and Christoph Rust},
  title     = {osrmtime: Calculate Travel Time and Distance with {OpenStreetMap} Data Using the {Open Source Routing Machine} ({OSRM})},
  journal   = {The Stata Journal},
  year      = {2016},
  volume    = {16},
  number    = {2},
  pages     = {416-423}
}

@Misc{Schneider2024quarto,
  author    = {Schneider, W. Joel},
  title     = {A quarto extension for creating APA7 documents in .docx, .html, and .pdf formats},
  year      = {2024},
  url       = {https://wjschne.github.io/apaquarto/},
  timestamp = {2024-06-20},
}

@book{americanpsychologicalassociationPublicationManualAmerican2020,
  title = {Publication Manual of the {American Psychological Association}},
  author = {{American Psychological Association}},
  year = {2020},
  edition = {7},
  publisher = {Author},
  address = {Washington, D.C.},
  doi = {10.1037/0000173-000},
}

@Book{ConciseGuideAPA2020,
  title      = {Concise Guide to {{APA Style}}: {{The}} Official {{APA Style}} Guide for Students (7th Ed.).},
  year       = {2020},
  author     = {{American Psychological Association}},
  doi        = {https://doi.org/10.1037/0000173-000},
  shorttitle = {Concise Guide to {{APA Style}}},
  url        = {http://content.apa.org/books/16157-000},
  urldate    = {2024-03-02},
}
@book{APAStyle2021,
  title = {Mastering {APA Style} student workbook.},
  year = {2021},
  author = {{American Psychological Association}},
  publisher = {Author},
  address = {Washington},
  doi = {10.1037/0000271-000},
  isbn = {978-1-4338-3854-5},
  langid = {english}
}

@Manual{Aust2023,
  author    = {Frederik Aust and Marius Barth},
  title     = {{papaja}: {Prepare} reproducible {APA} journal articles with {R} Markdown},
  year      = {2023},
  note      = {R package version 0.1.2},
  url       = {https://github.com/crsh/papaja},
  timestamp = {2024-06-18},
}

@Manual{R-papaja,
  title  = {{papaja}: {Prepare} reproducible {APA} journal articles with {R} Markdown},
  author = {Frederik Aust and Marius Barth},
  year   = {2023},
  note   = {R package version 0.1.2},
  url    = {https://github.com/crsh/papaja},
}


@TechReport{techreport,
  author      = {Peter WorkingPaper and Sofia Arbeitsname},
  title       = {The title of the work},
  institution = {The institution that published},
  year        = {1993},
  number      = {2},
  address     = {The address of the publisher},
  month       = {7},
}

@Misc{Google2023Google,
  author       = {Google},
  title        = {Google Search},
  howpublished = {January 30, 2023},
  year         = {2023},
  timestamp    = {2023-02-09},
  url          = {https://www.google.com/},
}

@Misc{Wickham2023R,
  author       = {Wickham, Hadley and Grolemund, Garrett},
  title        = {R for Data Science (2e)},
  howpublished = {Accessed January 30, 2023},
  year         = {2023},
  file         = {Wickham2016R.pdf:pdfs/Wickham2016R.pdf:PDF},
  timestamp    = {2023-02-07},
  url          = {https://r4ds.hadley.nz/},
}

@Book{Association2022Publication,
  title     = {Publication manual of the {American} {Psychological} {Association}},
  publisher = {American Psychological Association},
  year      = {2020},
  author    = {{American Psychological Association}},
  address   = {Washington, DC},
  edition   = {7},
}

@Book{Association2020Publication,
  title     = {Publication Manual of the American Psychological Association},
  year      = {2020},
  author    = {{American Psychological Association}},
  edition   = {Seventh Edition},
  timestamp = {2024-01-23},
}

@Unpublished{unpublished,
  author    = {Andy Unpublished},
  title     = {The title of the work},
  month     = {7},
  year      = {1993},
  timestamp = {2024-01-23},
}

@TechReport{WorkingPaper1993title,
  author      = {Peter WorkingPaper and Susi Arbeitspapier},
  title       = {The title of the work},
  institution = {The institution that published},
  year        = {1993},
  number      = {2},
  address     = {The address of the publisher},
  month       = {7},
  timestamp   = {2024-01-23},
}

@PhdThesis{phdthesis,
  author    = {Andreas PHD},
  title     = {The title of the work},
  school    = {The school of the thesis},
  year      = {2011},
  address   = {The address of the publisher},
  month     = {7},
  timestamp = {2024-01-23},
}

@Misc{misc,
  author       = {Alexandra Misc},
  title        = {The title of the work},
  howpublished = {How it was published},
  month        = {4},
  year         = {1993},
  timestamp    = {2024-01-23},
}

@MastersThesis{mastersthesis,
  author    = {Alex Masterthesis},
  title     = {The title of the work},
  school    = {The school of the thesis},
  year      = {2004},
  address   = {The address of the publisher},
  month     = {10},
  timestamp = {2024-01-23},
}

@InCollection{incollection,
  author    = {Eli Editor},
  title     = {The title of the work},
  booktitle = {The title of the book},
  publisher = {The name of the publisher},
  year      = {2022},
  editor    = {The editor},
  volume    = {4},
  series    = {2},
  chapter   = {8},
  pages     = {101-114},
  address   = {The address of the publisher},
  edition   = {3},
  month     = {7},
  timestamp = {2024-01-23},
}

@InBook{inbook,
  chapter   = {8},
  pages     = {201-213},
  title     = {The title of the work},
  publisher = {The name of the publisher},
  year      = {1993},
  author    = {Suzy Inbook},
  volume    = {4},
  series    = {5},
  address   = {The address of the publisher},
  edition   = {3},
  month     = {7},
  timestamp = {2024-01-23},
}

@Conference{conference,
  author       = {David Conference},
  title        = {The title of the work},
  booktitle    = {The title of the book},
  year         = {1986},
  editor       = {The editor},
  volume       = {4},
  series       = {5},
  pages        = {213},
  address      = {The address of the publisher},
  month        = {7},
  organization = {The organization},
  publisher    = {The publisher},
  timestamp    = {2024-01-23},
}

@Booklet{booklet,
  title        = {The title of the work},
  author       = {Betty Booklet},
  howpublished = {How it was published},
  address      = {The address of the publisher},
  month        = {7},
  year         = {1996},
  timestamp    = {2024-01-23},
}

@Book{book,
  title     = {The title of the work},
  publisher = {The name of the publisher},
  year      = {2023},
  author    = {Debbie Book},
  volume    = {4},
  series    = {10},
  address   = {The address},
  edition   = {3},
  month     = {7},
  isbn      = {3257442892},
  timestamp = {2024-01-23},
}

@Article{article,
  author    = {Sepp Article},
  title     = {The title of the work},
  journal   = {The name of the journal},
  year      = {2011},
  volume    = {4},
  number    = {2},
  pages     = {201-213},
  month     = {7},
  timestamp = {2024-01-23},
}

@Proceedings{proceedings,
  title        = {The title of the work},
  year         = {1993},
  editor       = {Luc Proceedings},
  volume       = {4},
  series       = {5},
  address      = {The address of the publisher},
  publisher    = {The name of the publisher},
  month        = {7},
  organization = {The organization},
  timestamp    = {2024-01-23},
}

@Misc{webpage,
  author    = {Author Website},
  title     = {Website Title},
  year      = {2023},
  note      = {Accessed on April 14, 2023},
  timestamp = {2024-01-23},
  url       = {http://website-url.com},
}

@Misc{Telford2023Markdown,
  author = {Telford, Richard J},
  title  = {Enough Markdown to Write a Thesis},
  year   = {2024},
  month  = {8},
  url    = {https://biostats-r.github.io/biostats/quarto/},
  day    = {20},
}